<record><leader>00000cas a22000007a 4500</leader><controlfield tag="001">20975344</controlfield><controlfield tag="008">900130d1981198ulauwr ne      0    0eng d</controlfield><datafield ind1=" " ind2=" " tag="010"><subfield code="a">sn 90056012 </subfield></datafield><datafield ind1=" " ind2=" " tag="040"><subfield code="a">LNP</subfield><subfield code="b">eng</subfield><subfield code="c">LNP</subfield><subfield code="d">OCLCQ</subfield></datafield><datafield ind1=" " ind2=" " tag="042"><subfield code="a">msc</subfield></datafield><datafield ind1="0" ind2="0" tag="245"><subfield code="a">West Louisiana star.</subfield></datafield><datafield ind1=" " ind2=" " tag="260"><subfield code="a">Many, La. :</subfield><subfield code="b">West Louisiana Star Publishers</subfield></datafield><datafield ind1=" " ind2=" " tag="300"><subfield code="a">v.</subfield></datafield><datafield ind1=" " ind2=" " tag="310"><subfield code="a">Weekly</subfield></datafield><datafield ind1="0" ind2=" " tag="362"><subfield code="a">Vol. 14, no. 48 (Dec. 17, 1981)-</subfield></datafield><datafield ind1=" " ind2=" " tag="752"><subfield code="a">United States</subfield><subfield code="b">Louisiana</subfield><subfield code="c">Sabine</subfield><subfield code="d">Many.</subfield></datafield><datafield ind1="0" ind2="0" tag="780"><subfield code="t">Sabine news</subfield><subfield code="w">(DLC)sn 88064233</subfield></datafield></record>